[["Announced Date","Eligibility Date","Distribution Date","Distribution Way","Dividend Per Share (SAR)"],["16/07/2023","23/07/2023","13/08/2023","Account Transfer","0.87"],["02/04/2023","04/04/2023","25/04/2023","Account Transfer","1"],["02/01/2023","22/01/2023","12/02/2023","Account Transfer","0.75"],["03/07/2022","05/07/2022","26/07/2022","Account Transfer","0.75"],["24/01/2022","26/01/2022","14/02/2022","Account Transfer","0.75"],["Balance Sheet","2022-03-31","2021-03-31","2020-03-31","2019-03-31"],["Current Assets","1,713,830.29","1,537,818","2,079,311.2","1,950,506"],["Inventory","-","-","-","-"],["Investments","70,381.8","5,975.8","157,543.3","150,947"],["Fixed Assets","15,644,225.32","15,164,619.8","15,010,362.4","11,098,622"],["Other Assets","852,725.18","946,364.7","714,273.7","165,702"],["Total Assets","18,281,162.59","17,654,778.3","17,961,490.6","13,365,777"],["Current Liabilities","1,510,204.04","1,126,541.8","1,024,229.1","1,467,662"],["Non-Current Liabilities","10,990,377.49","10,475,818","10,953,005.9","6,833,355"],["Other Liabilities","-","-","-","-"],["Shareholders Equity","5,782,250.91","6,051,098.9","5,982,997.4","5,064,669"],["Total Liabilities and Shareholder Equity","18,281,162.59","17,654,778.3","17,961,490.6","13,365,777"],["Minority Interests","-1,669.85","1,319.6","1,258.2","91"],["All Figures in","Thousands","Thousands","Thousands","Thousands"],["All Currency In","SAR","SAR","SAR","SAR"],["Last Update Date","2022-07-21","2021-07-05","2020-07-01","2019-06-30"],["Balance Sheet","2022-09-30","2022-06-30","2021-12-31","2021-09-30"],["Current Assets","2,081,248.36","1,819,124.22","1,753,312.61","1,816,167"],["Inventory","-","-","-","-"],["Investments","65,074.42","68,857.72","77,798.65","6,505"],["Fixed Assets","14,542,802.56","15,672,841.77","15,422,848.66","15,422,603"],["Other Assets","988,425.81","957,333.24","890,227.74","877,436"],["Total Assets","17,677,551.15","18,518,156.95","18,144,187.66","18,122,711"],["Current Liabilities","1,289,660.76","1,680,111.58","1,093,816.97","1,093,727"],["Non-Current Liabilities","10,585,591.99","10,927,580.67","11,026,062.46","11,116,789"],["Other Liabilities","-","-","-","-"],["Shareholders Equity","5,800,137.1","5,910,439.91","6,025,865.1","5,911,951"],["Total Liabilities and Shareholder Equity","17,677,551.15","18,518,156.95","18,144,187.66","18,122,711"],["Minority Interests","2,161.3","24.79","-1,556.87","244"],["All Figures in","Thousands","Thousands","Thousands","Thousands"],["All Currency In","SAR","SAR","SAR","SAR"],["Last Update Date","2023-01-03","2023-01-12","2022-03-09","2021-11-25"],["Statement of Income","2022-03-31","2021-03-31","2020-03-31","2019-03-31"],["Sales","2,037,485.63","1,856,358.8","2,197,315.2","2,176,400"],["Sales Cost","-884,839.43","-833,220.7","758,877.6","782,491"],["Total Income","1,152,646.2","1,023,138.1","1,438,437.6","1,393,909"],["Other Revenues","12,380.93","147,268.8","28,520.1","22,266"],["Total Revenues","1,165,027.13","1,170,406.9","1,466,957.7","1,416,175"],["Admin and Marketing Expenses","-305,864.01","-213,833.9","195,621.1","220,988"],["Depreciation","-","-","-","-"],["Other Expenses","-385,544.36","-483,493.9","608,445.1","446,363"],["Total Expenses","-691,408.37","-697,327.8","804,066.2","667,351"],["Net Income Before Zakat","473,618.76","473,079.1","662,891.5","748,824"],["Zakat","39,769.92","-13,641.3","20,290.2","-55,277"],["Net Income","433,848.84","486,720.4","642,601.3","804,101"],["Balance First Period","-","-","-","-"],["Reserves","-","-","-","-"],["Cash Dividends","-","-","-","-"],["Other Distributions","-","-","-","-"],["Balance End Period","-","-","-","-"],["All Figures in","Thousands","Thousands","Thousands","Thousands"],["All Currency In","SAR","SAR","SAR","SAR"],["Last Update Date","2022-07-21","2021-07-05","2020-07-01","2019-06-30"],["Statement of Income","2022-09-30","2022-06-30","2021-12-31","2021-09-30"],["Sales","573,748.23","562,948.96","510,596.44","497,042"],["Sales Cost","-219,470.7","-256,809.22","-220,218.53","-230,168"],["Total Income","354,277.53","306,139.74","290,377.91","266,874"],["Other Revenues","86,040.98","1,253.99","2,138.41","3,218"],["Total Revenues","440,318.51","307,393.73","292,516.32","270,092"],["Admin and Marketing Expenses","58,652.54","69,457.36","60,908.48","70,726"],["Depreciation","-","-","-","-"],["Other Expenses","120,184.11","100,948.06","118,170.58","105,999"],["Total Expenses","178,836.65","170,405.42","179,079.06","176,725"],["Net Income Before Zakat","261,481.86","136,988.31","113,437.26","93,367"],["Zakat","15,131.53","9,284.48","3,292.93","2,537"],["Net Income","246,350.33","127,703.83","110,144.33","90,830"],["Balance First Period","-","-","-","-"],["Reserves","-","-","-","-"],["Cash Dividends","-","-","-","-"],["Other Distributions","-","-","-","-"],["Balance End Period","-","-","-","-"],["All Figures in","Thousands","Thousands","Thousands","Thousands"],["All Currency In","SAR","SAR","SAR","SAR"],["Last Update Date","2023-01-03","2023-01-12","2022-03-09","2021-11-25"],["Cash Flow","2022-03-31","2021-03-31","2020-03-31","2019-03-31"],["Net Income","473,618.77","473,079.2","662,891.5","748,824"],["Depreciation","563,039.33","548,560.8","476,835","292,324"],["Accounts Receivable","-22,273.46","-151,979.9","-54,273.9","-59,275"],["Inventory","-","-","-","-"],["Prepaid Expenses","-72,382.96","-19,681.2","-91,050.4","-23,503"],["Accounts Payable","25,196.66","-51,809.1","-35,364.3","-49,107"],["Other Changes in Oper. Activity","507,153.65","235,854.3","210,222.5","-411,938"],["Purchases of Fixed Assets","-255,103.18","-235,943.8","-459,201.22","-458,382"],["Other Changes in Investing Act.","-821,977.81","-106,880.6","-4,524.1","-240,714"],["Increase in Debts","799,672.4","-45,000","310,798.5","859,145"],["Other Changes in Financing Act.","-1,276,485.57","-1,056,210","-428,324.3","-280,054"],["Cash at Begining of Period","635,669.92","1,045,680.2","457,670.9","80,351"],["Cash at End of Period","556,127.75","635,669.9","1,045,680.18","457,671"],["All Figures in","Thousands","Thousands","Thousands","Thousands"],["All Currency In","SAR","SAR","SAR","SAR"],["Last Update Date","2022-07-21","2021-07-05","2020-07-01","2019-06-30"],["Cash Flow","2022-09-30","2022-06-30","2021-12-31","2021-09-30"],["Net Income","398,470.17","136,988.31","335,611.83","222,175"],["Depreciation","278,051.12","140,803.53","415,980.92","279,296"],["Accounts Receivable","-137,905.62","-61,945.03","-78,313.28","-43,460"],["Inventory","-","-","-","-"],["Prepaid Expenses","-48,323.04","-32,403.67","-57,852.14","-22,030"],["Accounts Payable","12,907.66","-33,390.72","1,423.83","9,194"],["Other Changes in Oper. Activity","-21,343.34","-29,936.69","388,625.79","193,662"],["Purchases of Fixed Assets","-23,581.01","-27,783.76","-71,926.51","-24,545"],["Other Changes in Investing Act.","-120,724.98","-191,765.69","-629,454.53","-378,764"],["Increase in Debts","496,923.97","294,707.71","-","-"],["Other Changes in Financing Act.","-768,973.65","-286,387.17","-277,637.39","-56,760"],["Cash at Begining of Period","556,127.75","556,127.75","635,669.9","635,669"],["Cash at End of Period","621,629.03","465,014.57","662,128.42","814,437"],["All Figures in","Thousands","Thousands","Thousands","Thousands"],["All Currency In","SAR","SAR","SAR","SAR"],["Last Update Date","2023-01-03","2023-01-12","2022-03-09","2021-11-25"],["Trading Date","Shareholders","Designation","Shares Held Trading Day","Shares Held Prev Trading Day","Change"],["2023-08-13","فواز عبدالعزيز فهد الحكير","Chairman","8.6105263","8.6105263","0"],["2023-08-13","سلمان عبدالعزيز فهد الحكير","Board of Directors","8.0000000","8.0000000","0"],["2023-08-13","كامل بديع القلم","Board of Directors","0.3840019","0.3840019","0"],["Arabian Centres Co."],["Price22.72"],["Market Cap (SAR MN)10,792"],["P/E Ratio8.86"],["Name Ob Subsidiary","Percentage Of Property","Main Business","Location Of Operation","Country Of Operation"],["Al Bawarij International for Development & Real Estate Investment Company","100.00%","Real Estate Management and development","Riyadh","Kingdom of Saudi Arabia"],["Al Makarem International for Real Estate Development Company","100.00%","Real Estate Management and development","Riyadh","Kingdom of Saudi Arabia"],["Oyoun Al Raed Mall Trading","100.00%","Real Estate Management and development","Riyadh","Kingdom of Saudi Arabia"],["Oyoun Al Basateen Company for Trading","100.00%","Real Estate Management and development","Riyadh","Kingdom of Saudi Arabia"],["Al-Qasseem Company for Entertainment and Commercial Projects Owned by Abdulmohsin AlHokair and Company","50.00%","Real Estate Management and development","Riyadh","Kingdom of Saudi Arabia"],["Yarmouk Mall Company Limited","100.00%","Real Estate Management and development","Riyadh","Kingdom of Saudi Arabia"],["Mall of Arabia Company Limited","100.00%","Real Estate Management and development","Riyadh","Kingdom of Saudi Arabia"],["Dhahran Mall Trading Company Limited","100.00%","Real Estate Management and development","Riyadh","Kingdom of Saudi Arabia"],["Al Noor Mall Trading Company Limited","100.00%","Real Estate Management and development","Riyadh","Kingdom of Saudi Arabia"],["Al Yasmeen Mall Trading Company","100.00%","Real Estate Management and development","Riyadh","Kingdom of Saudi Arabia"],["Al Hamra Mall Trading Company","100.00%","Real Estate Management and development","Riyadh","Kingdom of Saudi Arabia"],["Al Erth Al Rasekh Trading Company","100.00%","Real Estate Management and development","Riyadh","Kingdom of Saudi Arabia"],["Derayah Destination Arabia Diversified Fund","100.00%","Real Estate Management and development","Riyadh","Kingdom of Saudi Arabia"],["Riyad Real Estate Development Fund Jawharat AlRiyadh","100.00%","Real Estate Management and development","Riyadh","Kingdom of Saudi Arabia"],["Riyad Real Estate Development Fund Jawharat Jeddah","100.00%","Real Estate Management and development","Riyadh","Kingdom of Saudi Arabia"]]